<record><leader>00000cas a2200000 a 4500</leader><controlfield tag="001">11820773</controlfield><controlfield tag="008">850319d18991911ksuwr ne      0   a0eng d</controlfield><datafield ind1=" " ind2=" " tag="010"><subfield code="a">sn 85030126 </subfield></datafield><datafield ind1=" " ind2=" " tag="040"><subfield code="a">KSH</subfield><subfield code="b">eng</subfield><subfield code="c">KSH</subfield><subfield code="d">NPT</subfield><subfield code="d">OCL</subfield><subfield code="d">OCLCQ</subfield></datafield><datafield ind1=" " ind2=" " tag="042"><subfield code="a">msc</subfield></datafield><datafield ind1="0" ind2="0" tag="245"><subfield code="a">Pleasanton enterprise.</subfield></datafield><datafield ind1=" " ind2=" " tag="260"><subfield code="a">Pleasanton, Kan. :</subfield><subfield code="b">Holmes &amp; Craig,</subfield><subfield code="c">1899-1911.</subfield></datafield><datafield ind1=" " ind2=" " tag="300"><subfield code="a">14 v. :</subfield><subfield code="b">ill. ;</subfield><subfield code="c">38-50 cm.</subfield></datafield><datafield ind1=" " ind2=" " tag="310"><subfield code="a">Weekly</subfield></datafield><datafield ind1="0" ind2=" " tag="362"><subfield code="a">Vol. 1, no. 1 (May 25, 1899)-v. 13, no. 10 (July 27, 1911).</subfield></datafield><datafield ind1=" " ind2=" " tag="500"><subfield code="a">Published by: Linn Co. Pub. Co., Jan. 3, 1908-Oct. 14, 1910; Craig &amp; Kennedy, Oct. 21, 1910-July 27, 1911.</subfield></datafield><datafield ind1=" " ind2=" " tag="525"><subfield code="a">Supplements included.</subfield></datafield><datafield ind1=" " ind2=" " tag="752"><subfield code="a">United States</subfield><subfield code="b">Kansas</subfield><subfield code="c">Linn</subfield><subfield code="d">Pleasanton.</subfield></datafield><datafield ind1="0" ind2="5" tag="780"><subfield code="t">Kansas standard (La Cygne, Kan.)</subfield><subfield code="g">Oct. 5, 1906</subfield><subfield code="w">(DLC)sn 85030105</subfield></datafield><datafield ind1="0" ind2="7" tag="785"><subfield code="t">Pleasanton observer</subfield><subfield code="w">(DLC)sn 85030121</subfield></datafield><datafield ind1="0" ind2="7" tag="785"><subfield code="t">Observer-enterprise (Pleasanton, Kan. : 1911)</subfield><subfield code="w">(DLC)sn 85030122</subfield></datafield></record>